
@article{angulo,
  Author={Angulo, Roberto},
  Journal={Debates IESA},
  Title={Aplicaciones m{\'o}viles h{\'\i}bridas: lo mejor de dos mundos},
  Volume={, volumen 18},
  Number={, numero 1},
  Pages={, paginas 80--81},
  Year={2013}
}

@inbook{Khanna:2017:IHM:3161211,
 author = {Khanna, Rahat and Yusuf, Sani and Phan, Hoc},
 title = {Ionic: Hybrid Mobile App Development},
 pages ={3--14},
 year = {2017},
 isbn = {1788293118, 9781788293112},
 publisher = {Packt Publishing},
} 

@BOOKLET{ionicFramework,
title = {What is Ionic Framework?},
author = {Ionic},
year = {2019},
url = {https://ionicframework.com/docs/intro}
}

@BOOKLET{cordova,
title = {What is Apache Cordova?},
author = {Chris Griffith},
year = {2019},
url = {https://ionicframework.com/enterprise/resources/articles/what-is-apache-cordova}
}

@BOOKLET{IonicEbook,
title = {Hybrid vs Native ebook},
author = {Ionic},
year = {2018},
url = {https://ionicframework.com/books/hybrid-vs-native}
}